@article{JS94,
author = {Jun, M. and Shaoan, M.},
title = {An $O(k^2n^2)$ Algorithm to Find a $k$-partition in a $k$-connected Graph},
journal = {Journal of Computer Science and Technology},
year = {1994},
volume = {9},
pages = {86-91}
}